@inproceedings{goodfellow2014generative,
  title={Generative adversarial nets},
  author={Goodfellow, Ian and Pouget-Abadie, Jean and Mirza, Mehdi and Xu, Bing and Warde-Farley, David and Ozair, Sherjil and Courville, Aaron and Bengio, Yoshua},
  booktitle={Advances in neural information processing systems},
  pages={2672--2680},
  year={2014}
}
@inproceedings{ganin2015unsupervised,
  title={Unsupervised domain adaptation by backpropagation},
  author={Ganin, Yaroslav and Lempitsky, Victor},
  booktitle={International Conference on Machine Learning},
  pages={1180--1189},
  year={2015}
}
@inproceedings{tzeng2015simultaneous,
  title={Simultaneous deep transfer across domains and tasks},
  author={Tzeng, Eric and Hoffman, Judy and Darrell, Trevor and Saenko, Kate},
  booktitle={Proceedings of the IEEE International Conference on Computer Vision},
  pages={4068--4076},
  year={2015}
}
@article{tzeng2017adversarial,
  title={Adversarial discriminative domain adaptation},
  author={Tzeng, Eric and Hoffman, Judy and Saenko, Kate and Darrell, Trevor},
  journal={arXiv preprint arXiv:1702.05464},
  year={2017}
}
@article{ganin2016domain,
  title={Domain-adversarial training of neural networks},
  author={Ganin, Yaroslav and Ustinova, Evgeniya and Ajakan, Hana and Germain, Pascal and Larochelle, Hugo and Laviolette, Fran{\c{c}}ois and Marchand, Mario and Lempitsky, Victor},
  journal={Journal of Machine Learning Research},
  volume={17},
  number={59},
  pages={1--35},
  year={2016}
}

@article{zhang2015deep,
  title={Deep transfer network: Unsupervised domain adaptation},
  author={Zhang, Xu and Yu, Felix Xinnan and Chang, Shih-Fu and Wang, Shengjin},
  journal={arXiv preprint arXiv:1503.00591},
  year={2015}
}

@article{hoffman2017cycada,
  title={CyCADA: Cycle-Consistent Adversarial Domain Adaptation},
  author={Hoffman, Judy and Tzeng, Eric and Park, Taesung and Zhu, Jun-Yan and Isola, Phillip and Saenko, Kate and Efros, Alexei A and Darrell, Trevor},
  journal={arXiv preprint arXiv:1711.03213},
  year={2017}
}
@article{pan2010survey,
  title={A survey on transfer learning},
  author={Pan, Sinno Jialin and Yang, Qiang},
  journal={IEEE Transactions on knowledge and data engineering},
  volume={22},
  number={10},
  pages={1345--1359},
  year={2010},
  publisher={IEEE}
}
@article{shimodaira2000improving,
  title={Improving predictive inference under covariate shift by weighting the log-likelihood function},
  author={Shimodaira, Hidetoshi},
  journal={Journal of statistical planning and inference},
  volume={90},
  number={2},
  pages={227--244},
  year={2000},
  publisher={Elsevier}
}
@inproceedings{salimans2016improved,
  title={Improved techniques for training gans},
  author={Salimans, Tim and Goodfellow, Ian and Zaremba, Wojciech and Cheung, Vicki and Radford, Alec and Chen, Xi},
  booktitle={Advances in Neural Information Processing Systems},
  pages={2234--2242},
  year={2016}
}
@article{bousmalis2016unsupervised,
  title={Unsupervised pixel-level domain adaptation with generative adversarial networks},
  author={Bousmalis, Konstantinos and Silberman, Nathan and Dohan, David and Erhan, Dumitru and Krishnan, Dilip},
  journal={arXiv preprint arXiv:1612.05424},
  year={2016}
}
@inproceedings{gatys2016image,
  title={Image style transfer using convolutional neural networks},
  author={Gatys, Leon A and Ecker, Alexander S and Bethge, Matthias},
  booktitle={Proceedings of the IEEE Conference on Computer Vision and Pattern Recognition},
  pages={2414--2423},
  year={2016}
}
@inproceedings{johnson2016perceptual,
  title={Perceptual losses for real-time style transfer and super-resolution},
  author={Johnson, Justin and Alahi, Alexandre and Fei-Fei, Li},
  booktitle={European Conference on Computer Vision},
  pages={694--711},
  year={2016},
  organization={Springer}
}
@inproceedings{yoo2016pixel,
  title={Pixel-level domain transfer},
  author={Yoo, Donggeun and Kim, Namil and Park, Sunggyun and Paek, Anthony S and Kweon, In So},
  booktitle={European Conference on Computer Vision},
  pages={517--532},
  year={2016},
  organization={Springer}
}
@article{zhu2017unpaired,
  title={Unpaired image-to-image translation using cycle-consistent adversarial networks},
  author={Zhu, Jun-Yan and Park, Taesung and Isola, Phillip and Efros, Alexei A},
  journal={arXiv preprint arXiv:1703.10593},
  year={2017}
}
@article{choi2017stargan,
  title={StarGAN: Unified Generative Adversarial Networks for Multi-Domain Image-to-Image Translation},
  author={Choi, Yunjey and Choi, Minje and Kim, Munyoung and Ha, Jung-Woo and Kim, Sunghun and Choo, Jaegul},
  journal={arXiv preprint arXiv:1711.09020},
  year={2017}
}
@article{arjovsky2017wasserstein,
  title={Wasserstein gan},
  author={Arjovsky, Martin and Chintala, Soumith and Bottou, L{\'e}on},
  journal={arXiv preprint arXiv:1701.07875},
  year={2017}
}
@article{taigman2016unsupervised,
  title={Unsupervised cross-domain image generation},
  author={Taigman, Yaniv and Polyak, Adam and Wolf, Lior},
  journal={arXiv preprint arXiv:1611.02200},
  year={2016}
}
@inproceedings{long2015fully,
  title={Fully convolutional networks for semantic segmentation},
  author={Long, Jonathan and Shelhamer, Evan and Darrell, Trevor},
  booktitle={Proceedings of the IEEE Conference on Computer Vision and Pattern Recognition},
  pages={3431--3440},
  year={2015}
}
@inproceedings{ronneberger2015u,
  title={U-net: Convolutional networks for biomedical image segmentation},
  author={Ronneberger, Olaf and Fischer, Philipp and Brox, Thomas},
  booktitle={International Conference on Medical Image Computing and Computer-Assisted Intervention},
  pages={234--241},
  year={2015},
  organization={Springer}
}
@inproceedings{ghifary2016deep,
  title={Deep reconstruction-classification networks for unsupervised domain adaptation},
  author={Ghifary, Muhammad and Kleijn, W Bastiaan and Zhang, Mengjie and Balduzzi, David and Li, Wen},
  booktitle={European Conference on Computer Vision},
  pages={597--613},
  year={2016},
  organization={Springer}
}
@inproceedings{bousmalis2016domain,
  title={Domain separation networks},
  author={Bousmalis, Konstantinos and Trigeorgis, George and Silberman, Nathan and Krishnan, Dilip and Erhan, Dumitru},
  booktitle={Advances in Neural Information Processing Systems},
  pages={343--351},
  year={2016}
}
@article{gretton2012kernel,
  title={A kernel two-sample test},
  author={Gretton, Arthur and Borgwardt, Karsten M and Rasch, Malte J and Sch{\"o}lkopf, Bernhard and Smola, Alexander},
  journal={Journal of Machine Learning Research},
  volume={13},
  number={Mar},
  pages={723--773},
  year={2012}
}

@article{kim2017learning,
  title={Learning to discover cross-domain relations with generative adversarial networks},
  author={Kim, Taeksoo and Cha, Moonsu and Kim, Hyunsoo and Lee, Jungkwon and Kim, Jiwon},
  journal={arXiv preprint arXiv:1703.05192},
  year={2017}
}

@article{yi2017dualgan,
  title={DualGAN: Unsupervised Dual Learning for Image-to-Image Translation},
  author={Yi, Zili and Zhang, Hao and Gong, Ping Tan and others},
  journal={arXiv preprint arXiv:1704.02510},
  year={2017}
}
@article{isola2016image,
  title={Image-to-image translation with conditional adversarial networks},
  author={Isola, Phillip and Zhu, Jun-Yan and Zhou, Tinghui and Efros, Alexei A},
  journal={arXiv preprint arXiv:1611.07004},
  year={2016}
}
@article{mirza2014conditional,
  title={Conditional generative adversarial nets},
  author={Mirza, Mehdi and Osindero, Simon},
  journal={arXiv preprint arXiv:1411.1784},
  year={2014}
}
@inproceedings{motiian2017few,
  title={Few-Shot Adversarial Domain Adaptation},
  author={Motiian, Saeid and Jones, Quinn and Iranmanesh, Seyed and Doretto, Gianfranco},
  booktitle={Advances in Neural Information Processing Systems},
  pages={6673--6683},
  year={2017}
}
@proceedings{liu2016coupled,
  title={Coupled generative adversarial networks},
  author={Liu, Ming-Yu and Tuzel, Oncel},
  booktitle={Advances in neural information processing systems},
  pages={469--477},
  year={2016}
}
@article{radford2015unsupervised,
  title={Unsupervised representation learning with deep convolutional generative adversarial networks},
  author={Radford, Alec and Metz, Luke and Chintala, Soumith},
  journal={arXiv preprint arXiv:1511.06434},
  year={2015}
}
@article{liu2017unsupervised,
  title={Unsupervised Image-to-Image Translation Networks},
  author={Liu, Ming-Yu and Breuel, Thomas and Kautz, Jan},
  journal={arXiv preprint arXiv:1703.00848},
  year={2017}
}
@article{kingma2013auto,
  title={Auto-encoding variational bayes},
  author={Kingma, Diederik P and Welling, Max},
  journal={arXiv preprint arXiv:1312.6114},
  year={2013}
}
@inproceedings{rezende2014stochastic,
  title={Stochastic backpropagation and variational inference in deep latent Gaussian models},
  author={Rezende, Danilo Jimenez and Mohamed, Shakir and Wierstra, Daan},
  booktitle={International Conference on Machine Learning},
  year={2014}
}
@article{royer2017xgan,
  title={XGAN: Unsupervised Image-to-Image Translation for many-to-many Mappings},
  author={Royer, Am{\'e}lie and Bousmalis, Konstantinos and Gouws, Stephan and Bertsch, Fred and Moressi, Inbar and Cole, Forrester and Murphy, Kevin},
  journal={arXiv preprint arXiv:1711.05139},
  year={2017}
}
@article{hu2017unifying,
  title={On Unifying Deep Generative Models},
  author={Hu, Zhiting and Yang, Zichao and Salakhutdinov, Ruslan and Xing, Eric P},
  journal={arXiv preprint arXiv:1706.00550},
  year={2017}
}
@article{simonyan2014very,
  title={Very deep convolutional networks for large-scale image recognition},
  author={Simonyan, Karen and Zisserman, Andrew},
  journal={arXiv preprint arXiv:1409.1556},
  year={2014}
}
@article{badrinarayanan2017segnet,
  title={Segnet: A deep convolutional encoder-decoder architecture for image segmentation},
  author={Badrinarayanan, Vijay and Kendall, Alex and Cipolla, Roberto},
  journal={IEEE transactions on pattern analysis and machine intelligence},
  volume={39},
  number={12},
  pages={2481--2495},
  year={2017},
  publisher={IEEE}
}
@article{chen2016deeplab,
  title={Deeplab: Semantic image segmentation with deep convolutional nets, atrous convolution, and fully connected crfs},
  author={Chen, Liang-Chieh and Papandreou, George and Kokkinos, Iasonas and Murphy, Kevin and Yuille, Alan L},
  journal={arXiv preprint arXiv:1606.00915},
  year={2016}
}
@article{yu2015multi,
  title={Multi-scale context aggregation by dilated convolutions},
  author={Yu, Fisher and Koltun, Vladlen},
  journal={arXiv preprint arXiv:1511.07122},
  year={2015}
}
@inproceedings{krahenbuhl2011efficient,
  title={Efficient inference in fully connected crfs with gaussian edge potentials},
  author={Kr{\"a}henb{\"u}hl, Philipp and Koltun, Vladlen},
  booktitle={Advances in neural information processing systems},
  pages={109--117},
  year={2011}
}
@article{doersch2016tutorial,
  title={Tutorial on variational autoencoders},
  author={Doersch, Carl},
  journal={arXiv preprint arXiv:1606.05908},
  year={2016}
}